<?xml version="1.0" encoding="UTF-8"?>
<record>
  <leader>01804nam#a2200445#cc4500</leader>
  <controlfield tag="005">20210409101021.0</controlfield>
  <controlfield tag="007">tu</controlfield>
  <controlfield tag="008">140114|1986####ja############|||#|#jpn#c</controlfield>
  <controlfield tag="003">DE-605</controlfield>
  <controlfield tag="001">990202474680206441</controlfield>
  <datafield tag="016" ind1="7" ind2=" ">
    <subfield code="a">1073245396</subfield>
    <subfield code="2">OCoLC</subfield>
  </datafield>
  <datafield tag="020" ind1=" " ind2=" ">
    <subfield code="a">4472020327</subfield>
    <subfield code="c">Gewebe</subfield>
    <subfield code="9">4-472-02032-7</subfield>
  </datafield>
  <datafield tag="035" ind1=" " ind2=" ">
    <subfield code="a">(DE-605)HT018129805</subfield>
  </datafield>
  <datafield tag="040" ind1=" " ind2=" ">
    <subfield code="a">5/141</subfield>
    <subfield code="b">ger</subfield>
    <subfield code="d">HBZ/Red</subfield>
    <subfield code="e">rakwb</subfield>
  </datafield>
  <datafield tag="041" ind1=" " ind2=" ">
    <subfield code="a">jpn</subfield>
  </datafield>
  <datafield tag="044" ind1=" " ind2=" ">
    <subfield code="c">XB-JP</subfield>
  </datafield>
  <datafield tag="100" ind1="1" ind2=" ">
    <subfield code="a">Obara, Kuniyoshi</subfield>
    <subfield code="d">1887-1977</subfield>
    <subfield code="6">880-04</subfield>
    <subfield code="0">(DE-588)1015714854</subfield>
    <subfield code="4">aut</subfield>
    <subfield code="9">O:H</subfield>
    <subfield code="0">https://portal.dnb.de/opac.htm?method=simpleSearch&amp;cqlMode=true&amp;query=idn=1015714854</subfield>
    <subfield code="0">http://viaf.org/viaf/sourceID/DNB|1015714854</subfield>
  </datafield>
  <datafield tag="880" ind1="1" ind2=" ">
    <subfield code="6">100-04/Jpan</subfield>
    <subfield code="a">小原, 國芳</subfield>
    <subfield code="9">O:H</subfield>
  </datafield>
  <datafield tag="245" ind1="1" ind2="0">
    <subfield code="6">880-01</subfield>
    <subfield code="a">Obara Kuniyoshi senshū</subfield>
    <subfield code="n">3</subfield>
    <subfield code="p">Zenjin kyōikuron</subfield>
  </datafield>
  <datafield tag="880" ind1="1" ind2="0">
    <subfield code="6">245-01/Jpan</subfield>
    <subfield code="a">小原国芳選集</subfield>
    <subfield code="9">O:H</subfield>
    <subfield code="9">F:331</subfield>
  </datafield>
  <datafield tag="880" ind1="1" ind2="0">
    <subfield code="6">245-01/Jpan</subfield>
    <subfield code="p">全人教育論</subfield>
    <subfield code="9">F:331</subfield>
  </datafield>
  <datafield tag="880" ind1="1" ind2="0">
    <subfield code="6">245-01/Kana</subfield>
    <subfield code="p">ゼンジン キョウイクロン</subfield>
    <subfield code="9">F:331</subfield>
  </datafield>
  <datafield tag="249" ind1=" " ind2=" ">
    <subfield code="6">880-02</subfield>
    <subfield code="a">shisō mondai to kyōiku</subfield>
  </datafield>
  <datafield tag="880" ind1=" " ind2=" ">
    <subfield code="6">249-02/Jpan</subfield>
    <subfield code="a">思想問題と教育</subfield>
    <subfield code="9">F:362</subfield>
  </datafield>
  <datafield tag="880" ind1=" " ind2=" ">
    <subfield code="6">249-02/Kana</subfield>
    <subfield code="a">シソウ モンダイ ト キョウイク</subfield>
    <subfield code="9">F:362</subfield>
  </datafield>
  <datafield tag="250" ind1=" " ind2=" ">
    <subfield code="6">880-03</subfield>
    <subfield code="a">Dai 4-satsu</subfield>
  </datafield>
  <datafield tag="880" ind1=" " ind2=" ">
    <subfield code="6">250-03/Jpan</subfield>
    <subfield code="a">第4刷</subfield>
    <subfield code="9">F:403</subfield>
  </datafield>
  <datafield tag="264" ind1=" " ind2="1">
    <subfield code="6">880-05</subfield>
    <subfield code="a">Machida</subfield>
    <subfield code="b">Tamagawa Daigaku Shuppanbu</subfield>
    <subfield code="c">Shōwa 61-nen [1986]</subfield>
  </datafield>
  <datafield tag="880" ind1=" " ind2="1">
    <subfield code="6">264-05/Jpan</subfield>
    <subfield code="c">昭和61年</subfield>
    <subfield code="9">F:425</subfield>
  </datafield>
  <datafield tag="300" ind1=" " ind2=" ">
    <subfield code="a">406 S. : Ill.</subfield>
  </datafield>
  <datafield tag="688" ind1=" " ind2=" ">
    <subfield code="a">Pädagogik</subfield>
  </datafield>
  <datafield tag="688" ind1=" " ind2=" ">
    <subfield code="a">Erziehungsphilosophie</subfield>
  </datafield>
  <datafield tag="688" ind1=" " ind2=" ">
    <subfield code="a">Geistesgeschichte</subfield>
  </datafield>
  <datafield tag="773" ind1="0" ind2="8">
    <subfield code="w">(DE-605)HT017844601</subfield>
    <subfield code="q">3</subfield>
  </datafield>
  <datafield tag="960" ind1="1" ind2=" ">
    <subfield code="b">Mindestkatalogisat</subfield>
  </datafield>
  <datafield tag="960" ind1="1" ind2=" ">
    <subfield code="f">jap</subfield>
  </datafield>
  <datafield tag="964" ind1="0" ind2="s">
    <subfield code="F">030</subfield>
    <subfield code="A">a|1uc||||||||</subfield>
  </datafield>
  <datafield tag="964" ind1="0" ind2="s">
    <subfield code="F">050</subfield>
    <subfield code="A">a|||||||||||||</subfield>
  </datafield>
  <datafield tag="035" ind1=" " ind2=" ">
    <subfield code="a">(OCoLC)1073245396</subfield>
  </datafield>
  <datafield tag="035" ind1=" " ind2=" ">
    <subfield code="a">(DE-599)HBZHT018129805</subfield>
  </datafield>
  <datafield tag="MBD" ind1=" " ind2=" ">
    <subfield code="M">49HBZ_NETWORK</subfield>
    <subfield code="i">990202474680206441</subfield>
    <subfield code="n">HBZ Network</subfield>
  </datafield>
  <datafield tag="MBD" ind1=" " ind2=" ">
    <subfield code="M">49HBZ_ULB</subfield>
    <subfield code="i">991018581509706467</subfield>
    <subfield code="n">Universitaet Bonn</subfield>
  </datafield>
  <datafield tag="020" ind1=" " ind2=" ">
    <subfield code="a">4472020327</subfield>
    <subfield code="c">Gewebe</subfield>
    <subfield code="9">4-472-02032-7</subfield>
    <subfield code="M">49HBZ_ULB</subfield>
  </datafield>
  <datafield tag="100" ind1="1" ind2=" ">
    <subfield code="a">Obara, Kuniyoshi</subfield>
    <subfield code="d">1887-1977</subfield>
    <subfield code="6">880-04</subfield>
    <subfield code="0">(DE-588)1015714854</subfield>
    <subfield code="4">aut</subfield>
    <subfield code="9">O:H</subfield>
    <subfield code="M">49HBZ_ULB</subfield>
  </datafield>
  <datafield tag="880" ind1="1" ind2=" ">
    <subfield code="6">100-04/Jpan</subfield>
    <subfield code="a">小原, 國芳</subfield>
    <subfield code="9">O:H</subfield>
    <subfield code="M">49HBZ_ULB</subfield>
  </datafield>
  <datafield tag="880" ind1="1" ind2="0">
    <subfield code="6">245-01/Jpan</subfield>
    <subfield code="a">小原国芳選集</subfield>
    <subfield code="9">O:H</subfield>
    <subfield code="9">F:331</subfield>
    <subfield code="M">49HBZ_ULB</subfield>
  </datafield>
  <datafield tag="880" ind1="1" ind2="0">
    <subfield code="6">245-01/Jpan</subfield>
    <subfield code="p">全人教育論</subfield>
    <subfield code="9">F:331</subfield>
    <subfield code="M">49HBZ_ULB</subfield>
  </datafield>
  <datafield tag="880" ind1="1" ind2="0">
    <subfield code="6">245-01/Kana</subfield>
    <subfield code="p">ゼンジン キョウイクロン</subfield>
    <subfield code="9">F:331</subfield>
    <subfield code="M">49HBZ_ULB</subfield>
  </datafield>
  <datafield tag="880" ind1=" " ind2=" ">
    <subfield code="6">249-02/Jpan</subfield>
    <subfield code="a">思想問題と教育</subfield>
    <subfield code="9">F:362</subfield>
    <subfield code="M">49HBZ_ULB</subfield>
  </datafield>
  <datafield tag="880" ind1=" " ind2=" ">
    <subfield code="6">249-02/Kana</subfield>
    <subfield code="a">シソウ モンダイ ト キョウイク</subfield>
    <subfield code="9">F:362</subfield>
    <subfield code="M">49HBZ_ULB</subfield>
  </datafield>
  <datafield tag="880" ind1=" " ind2=" ">
    <subfield code="6">250-03/Jpan</subfield>
    <subfield code="a">第4刷</subfield>
    <subfield code="9">F:403</subfield>
    <subfield code="M">49HBZ_ULB</subfield>
  </datafield>
  <datafield tag="880" ind1=" " ind2="1">
    <subfield code="6">264-05/Jpan</subfield>
    <subfield code="c">昭和61年</subfield>
    <subfield code="9">F:425</subfield>
    <subfield code="M">49HBZ_ULB</subfield>
  </datafield>
  <datafield tag="980" ind1="1" ind2=" ">
    <subfield code="e">HBZ</subfield>
    <subfield code="9">LOCAL</subfield>
    <subfield code="M">49HBZ_ULB</subfield>
  </datafield>
  <datafield tag="981" ind1=" " ind2=" ">
    <subfield code="a">(DE-5)3945354</subfield>
    <subfield code="9">LOCAL</subfield>
    <subfield code="M">49HBZ_ULB</subfield>
  </datafield>
  <datafield tag="997" ind1=" " ind2=" ">
    <subfield code="a">20140114</subfield>
    <subfield code="9">LOCAL</subfield>
    <subfield code="M">49HBZ_ULB</subfield>
  </datafield>
  <datafield tag="MBD" ind1=" " ind2=" ">
    <subfield code="M">49HBZ_BRIDGE_UBK</subfield>
    <subfield code="i">99362381307147</subfield>
    <subfield code="n">Universitäts- und Stadtbibliothek Köln</subfield>
  </datafield>
  <datafield tag="020" ind1=" " ind2=" ">
    <subfield code="a">4472020327</subfield>
    <subfield code="c">Gewebe</subfield>
    <subfield code="9">4-472-02032-7</subfield>
    <subfield code="M">49HBZ_BRIDGE_UBK</subfield>
  </datafield>
  <datafield tag="100" ind1="1" ind2=" ">
    <subfield code="a">Obara, Kuniyoshi</subfield>
    <subfield code="d">1887-1977</subfield>
    <subfield code="6">880-04</subfield>
    <subfield code="0">(DE-588)1015714854</subfield>
    <subfield code="4">aut</subfield>
    <subfield code="9">O:H</subfield>
    <subfield code="M">49HBZ_BRIDGE_UBK</subfield>
  </datafield>
  <datafield tag="880" ind1="1" ind2=" ">
    <subfield code="6">100-04/Jpan</subfield>
    <subfield code="a">小原, 國芳</subfield>
    <subfield code="9">O:H</subfield>
    <subfield code="M">49HBZ_BRIDGE_UBK</subfield>
  </datafield>
  <datafield tag="880" ind1="1" ind2="0">
    <subfield code="6">245-01/Jpan</subfield>
    <subfield code="a">小原国芳選集</subfield>
    <subfield code="9">O:H</subfield>
    <subfield code="9">F:331</subfield>
    <subfield code="M">49HBZ_BRIDGE_UBK</subfield>
  </datafield>
  <datafield tag="880" ind1="1" ind2="0">
    <subfield code="6">245-01/Jpan</subfield>
    <subfield code="p">全人教育論</subfield>
    <subfield code="9">F:331</subfield>
    <subfield code="M">49HBZ_BRIDGE_UBK</subfield>
  </datafield>
  <datafield tag="880" ind1="1" ind2="0">
    <subfield code="6">245-01/Kana</subfield>
    <subfield code="p">ゼンジン キョウイクロン</subfield>
    <subfield code="9">F:331</subfield>
    <subfield code="M">49HBZ_BRIDGE_UBK</subfield>
  </datafield>
  <datafield tag="880" ind1=" " ind2=" ">
    <subfield code="6">249-02/Jpan</subfield>
    <subfield code="a">思想問題と教育</subfield>
    <subfield code="9">F:362</subfield>
    <subfield code="M">49HBZ_BRIDGE_UBK</subfield>
  </datafield>
  <datafield tag="880" ind1=" " ind2=" ">
    <subfield code="6">249-02/Kana</subfield>
    <subfield code="a">シソウ モンダイ ト キョウイク</subfield>
    <subfield code="9">F:362</subfield>
    <subfield code="M">49HBZ_BRIDGE_UBK</subfield>
  </datafield>
  <datafield tag="880" ind1=" " ind2=" ">
    <subfield code="6">250-03/Jpan</subfield>
    <subfield code="a">第4刷</subfield>
    <subfield code="9">F:403</subfield>
    <subfield code="M">49HBZ_BRIDGE_UBK</subfield>
  </datafield>
  <datafield tag="880" ind1=" " ind2="1">
    <subfield code="6">264-05/Jpan</subfield>
    <subfield code="c">昭和61年</subfield>
    <subfield code="9">F:425</subfield>
    <subfield code="M">49HBZ_BRIDGE_UBK</subfield>
  </datafield>
  <datafield tag="MNG" ind1=" " ind2=" ">
    <subfield code="c">System</subfield>
    <subfield code="f">ILS</subfield>
    <subfield code="i">marc21</subfield>
    <subfield code="k">01</subfield>
    <subfield code="e">false</subfield>
    <subfield code="d">2023-08-11 05:35:39 Europe/Berlin</subfield>
    <subfield code="g">020247468-HBZ01</subfield>
    <subfield code="j">50</subfield>
    <subfield code="a">import</subfield>
    <subfield code="b">2021-04-05 10:08:28 Europe/Berlin</subfield>
  </datafield>
  <datafield tag="H52" ind1="#" ind2=" ">
    <subfield code="b">AJ</subfield>
    <subfield code="c">AJ--Mag</subfield>
    <subfield code="h">370.9 O12 O12 1980 (3)</subfield>
    <subfield code="8">22273758390006467</subfield>
  </datafield>
  <datafield tag="HOL" ind1=" " ind2=" ">
    <subfield code="b">2023-07-24 09:41:38</subfield>
    <subfield code="8">22273758390006467</subfield>
    <subfield code="M">49HBZ_ULB</subfield>
    <subfield code="g">false</subfield>
    <subfield code="a">import</subfield>
  </datafield>
  <datafield tag="ITM" ind1=" " ind2=" ">
    <subfield code="H">22273758390006467</subfield>
    <subfield code="x">AJ--Mag</subfield>
    <subfield code="f">BOOK</subfield>
    <subfield code="v">AJ--Mag</subfield>
    <subfield code="X">AMO_TL2_FIX</subfield>
    <subfield code="U">2023-07-23 12:59:00 Europe/Berlin</subfield>
    <subfield code="Y">2023-07-25 08:01:39 Europe/Berlin</subfield>
    <subfield code="h">false</subfield>
    <subfield code="n">370.9 O12 O12 1980 (3)</subfield>
    <subfield code="G">1</subfield>
    <subfield code="M">49HBZ_ULB</subfield>
    <subfield code="s">1</subfield>
    <subfield code="d">#</subfield>
    <subfield code="V">import</subfield>
    <subfield code="L">JP-21197/1987</subfield>
    <subfield code="b">AJ-143867</subfield>
    <subfield code="O">SISIS-Ausleihzähler Migrationsjahr: 0 | SISIS-Ausleihzähler Vor-Migrationsjahr: 0 | SISIS-Ausleihzähler vorletztes Migrationsjahr: 0 | SISIS-Vormerkzähler Migrationsjahr: 0 | SISIS-Buchdaten-Aufnahmedatum: 2014-01-14</subfield>
    <subfield code="N">SISIS-ULBSystematik: 0 | SISIS-Magazindrucker: 0 | SISIS-Fernleihkonditionen: 3 | SISIS-Medientyp: 0 | Sigel: 5/141 | SISIS-Entleihbarkeit: X | SISIS-Zweigstelle: 91</subfield>
    <subfield code="a">23273758380006467</subfield>
    <subfield code="c">370.9 O12 O12 1980 (3)</subfield>
    <subfield code="W">2023-07-24 11:41:38 Europe/Berlin</subfield>
    <subfield code="u">AJ</subfield>
    <subfield code="w">AJ</subfield>
  </datafield>
  <datafield tag="H52" ind1="0" ind2=" ">
    <subfield code="b">K1144</subfield>
    <subfield code="c">00009002</subfield>
    <subfield code="h">JAP/Pg0-1Oba2-3</subfield>
    <subfield code="8">22158161150007147</subfield>
  </datafield>
  <datafield tag="HOL" ind1=" " ind2=" ">
    <subfield code="d">2023-02-20 11:13:06</subfield>
    <subfield code="8">22158161150007147</subfield>
    <subfield code="b">2023-02-20 11:13:06</subfield>
    <subfield code="M">49HBZ_BRIDGE_UBK</subfield>
    <subfield code="g">false</subfield>
    <subfield code="a">System</subfield>
    <subfield code="c">System</subfield>
  </datafield>
  <datafield tag="ITM" ind1=" " ind2=" ">
    <subfield code="H">22158161150007147</subfield>
    <subfield code="x">00009002</subfield>
    <subfield code="f">BOOK</subfield>
    <subfield code="v">00009002</subfield>
    <subfield code="p">04</subfield>
    <subfield code="X">System</subfield>
    <subfield code="Y">2017-07-19 02:00:00 Europe/Berlin</subfield>
    <subfield code="n">JAP/Pg0-1Oba2-3</subfield>
    <subfield code="M">49HBZ_BRIDGE_UBK</subfield>
    <subfield code="s">1</subfield>
    <subfield code="d">0</subfield>
    <subfield code="V">System</subfield>
    <subfield code="b">JAP/0008615</subfield>
    <subfield code="a">23158161130007147</subfield>
    <subfield code="c">JAP/Pg0-1Oba2-3</subfield>
    <subfield code="W">2023-02-20 12:13:06 Europe/Berlin</subfield>
    <subfield code="u">K1144</subfield>
    <subfield code="w">K1144</subfield>
  </datafield>
  <datafield tag="GPN" ind1="0" ind2=" ">
    <subfield code="a">Obara Kuniyoshi</subfield>
    <subfield code="d">1887-1977</subfield>
    <subfield code="A">GND</subfield>
    <subfield code="B">GND-1015714854</subfield>
    <subfield code="C">400</subfield>
  </datafield>
  <datafield tag="GPN" ind1="0" ind2=" ">
    <subfield code="a">Kuniyoshi Obara</subfield>
    <subfield code="d">1887-1977</subfield>
    <subfield code="A">GND</subfield>
    <subfield code="B">GND-1015714854</subfield>
    <subfield code="C">400</subfield>
  </datafield>
  <datafield tag="GPN" ind1="1" ind2=" ">
    <subfield code="9">U:Jpan</subfield>
    <subfield code="a">小原, 國芳</subfield>
    <subfield code="d">1887-1977</subfield>
    <subfield code="5">DE-576</subfield>
    <subfield code="A">GND</subfield>
    <subfield code="B">GND-1015714854</subfield>
    <subfield code="C">400</subfield>
  </datafield>
  <datafield tag="GPN" ind1="0" ind2=" ">
    <subfield code="9">U:Jpan</subfield>
    <subfield code="a">小原國芳</subfield>
    <subfield code="d">1887-1977</subfield>
    <subfield code="5">DE-576</subfield>
    <subfield code="A">GND</subfield>
    <subfield code="B">GND-1015714854</subfield>
    <subfield code="C">400</subfield>
  </datafield>
  <datafield tag="GPN" ind1="0" ind2=" ">
    <subfield code="9">U:Jpan</subfield>
    <subfield code="a">小原国芳</subfield>
    <subfield code="d">1887-1977</subfield>
    <subfield code="5">DE-576</subfield>
    <subfield code="A">GND</subfield>
    <subfield code="B">GND-1015714854</subfield>
    <subfield code="C">400</subfield>
  </datafield>
  <datafield tag="GSI" ind1="7" ind2=" ">
    <subfield code="a">1015714854</subfield>
    <subfield code="0">http://d-nb.info/gnd/1015714854</subfield>
    <subfield code="2">gnd</subfield>
    <subfield code="A">GND</subfield>
    <subfield code="B">GND-1015714854</subfield>
    <subfield code="C">024</subfield>
  </datafield>
</record>
